@inproceedings{Lon2021TheIN,
  title={The Isabelle/Naproche Natural Language Proof Assistant},
  author={Adrian De Lon and Peter Koepke and Anton Lorenzen and Adrian Marti and Marcel Sch{\"u}tz and Markus Wenzel},
  booktitle={CADE},
  year={2021},
  url={https://api.semanticscholar.org/CorpusID:235801039}
}