@article{someAuthor2023,
  title={Some relevant paper title},
  author={Some Author},
  journal={Journal of Visualization},
  year={2023}
}